@ARTICLE{andreolietal07,
author 	  = {Andreoli, R. V. and De Souza, R. A. F. and Sapucci, L. F. and Soares, S. H. F. and Herdies, D. L. and Aravéquia, J. A.},
title		  = {Inclusão das Sondagens AIRS/AMSU no Sistema Global de Assimilação/Previsão de Tempo Do CPTEC/INPE: Estudo de Impacto},
journal   = {INPE ePrint},
publisher  = {Instituto Nacional de Pesquisas Espaciais},
year 		  = {2007},
volume 	  = {},
pages 	  = {},
}

@ARTICLE{andreolietal08,
author    = {Andreoli, R. V. and De Souza, R. A. F. and Sapucci, L. F. and Soares, S. H. F. and Herdies, D. L. and Aravéquia, J. A.},
title         = {Contribuição de Diversos Sistemas de Observação na Previsão de Tempo no CPTEC},
journal   = {Revista Brasileira de Meteorologia},
publisher  = {Sociedade Brasileira de Meterologia},
year          = {2008},
volume    = {23},
pages     = {218-237},
}

@ARTICLE{arakawalamb77,
author 	  = {Arakawa, A. and Lamb, V., R.},
title		  = {Computational Design of The Basic Dynamical Process of the UCLA General Circulation Model},
journal	  = {Methods in Computational Physics},
publisher  = {Academic Press},
year 		  = {1977},
volume 	  = {17},
pages 	  = {173-265},
}

@ARTICLE{aravequiaetal07,
author 	  = {Arav\'{e}quia, J. A. and Herdies, D. L. and Sapucci, L. F. and Andreoli, R. V. and Ferreira, S.H.S. and Goncalves, L. G. G.},
title		  = {Reanálise Regional 2000-2004 sobre a Am\'{e}rica do Sul com o modelo RPSAS/Eta: Descrição do Experimento e dos Produtos Devirados},
journal	  = {INPE ePrint},
publisher  = {Instituto Nacional de Pesquisas Espaciais},
year 		  = {2007},
volume 	  = {},
pages 	  = {},
}

@ARTICLE{betts86,
author 	  = {Betts, J. W.},
title		  = {A new convective adjustment scheme. Part I: Observational and theoretical basis},
journal	  = {Quarterly Journal of the Royal Meteorological Society},
publisher  = {Royal Meteorological Society},
year 		  = {1986},
volume 	  = {112},
pages 	  = {677-691},
}

@ARTICLE{bettsmiller86,
author 	  = {Betts, J. W. and Miller, M. J.},
title		  = {A new convective adjustment scheme. Part II: Single column test using GATE wave, BOMEX, ATEX and Artic air mass data sets},
journal	  = {Quarterly Journal of the Royal Meteorological Society},
publisher  = {Royal Meteorological Society},
year 		  = {1986},
volume 	  = {112},
pages 	  = {693-709},
}

@ARTICLE{biazettoetal05,
author    = {Biazetto, B. and Silva Dias, M. A. F. and Silva Dias, P. L.},
title         = {Impacto da Preciptação no Ciclo de Assimilação em Modelos de Mesoescala},
journal   = {Congresso Brasileiro de Meteorologia},
publisher  = {Sociedade Brasileira de Meteorologia},
year          = {2005},
volume    = {},
pages     = {},
}

@ARTICLE{black94,
author 	  = {Black, T.L.},
title		  = {The new NMC Mesoescale Eta Model: Description and Forecast Examples},
journal	  = {Weather and Forecasting},
publisher  = {American Meterological Society},
year 		  = {1994},
volume 	  = {9},
pages 	  = {265-278},
}

@ARTICLE{bonner68,
author 	  = {Bonner, W. D.},
title		  = {Climatology of The Low Level Jet},
journal	  = {Monthly Weather Review},
publisher  = {American Meterological Society},
year 		  = {1968},
volume 	  = {96},
pages 	  = {833-850},
}

@ARTICLE{carrbaldwin91,
author 	  = {Carr, F. H. and Baldwin, M. E.},
title		  = {Assimilation of Observed Precipitacion Data using NMC’s Eta Model},
journal	  = {Preprints: 9th AMS Conference on Numerical Weather Prediction},
publisher  = {American Meterological Society},
year 		  = {1991},
volume 	  = {},
pages 	  = {422-425},
}

@MastersThesis{carvalho89,
author 	  = {Carvalho, A. M. G.},
title		  = {Conexões entre a Circulação em Altitude e a Convecção sobre a América do Sul},
school     = {Instituto Nacional de Pesquisas Espaciais},
address    = {S{\~a}o Jos{\'e} dos Campos},
year 		  = {1989},
pages 	  = {},
}

@ARTICLE{cavalcantiherdies04,
author    = {Herdies, D. L. and Cavalcanti, I. F. A.},
title         = {Data Assimilation Study using SALLJEX Data},
journal   = {CLIVAR Exchanges},
publisher  = {World Climate Change Programme},
year          = {2004},
volume    = {9},
pages     = {23-25},
}

@ARTICLE{chou96,
author 	  = {Chou, S. C.},
title		  = {Modelo Regional Eta},
journal	  = {Revista Climanálise},
publisher  = {Centro de Previsão de Tempo e Estudos Climáticos},
year 		  = {1996},
volume 	  = {},
pages 	  = {},
}

@ARTICLE{cohnetal98,
author 	  = {Cohn, S. E. and Silva, A. and Guo, G. and Sienkiewicz, M. and Lamich, D.},
title		  = {Assessing the Effects of Data Selection with the DAO Physical-Space Statistical Analysis System},
journal	  = {Monthly Weather Review},
publisher  = {American Meteorological Society},
year 		  = {1998},
volume 	  = {126},
pages 	  = {2013-2926},
}

@ARTICLE{collischonnetal07,
author    = {Collischonn, B. and Allasia, D. and Collischonn, W. and Tucci, C. E. M.},
title         = {Desempenho do Satélite TRMM na estimativa de precipitação sobre a bacia do Paraguai superior},
journal   = {Revista Brasileira de Cartografia},
publisher  = {Sociedade Brasileira de Cartografia, Geodésia, Fotogrametria e Sensoriamento Remoto},
year          = {2007},
volume    = {59/01},
pages     = {93-99},
}

@ARTICLE{courtier97,
author 	  = {Courtier, P.},
title		  = {Dual Formulation of Four-Dimensional Variational Assimilation},
journal	  = {Quartely Journal of the Royal Meteorological Society},
publisher  = {Royal Meteorological Society},
year 		  = {1997},
volume 	  = {126},
pages 	  = {2013-2926},
}

@ARTICLE{courtieretal98,
author    = {Courtier, P. and Anderson, E. and Heckley, W. and Pailleux, J. and Vasiljevic, D. and Hamrud, M. and Hollingsworth, A. and Rabier, F. and Fisher, M.},
title         = {The ECMWF implementation of Three-Dimensional Variational Assimilation (3D-Var). Part Ι: Formulation},
journal   = {Quartely Journal of the Royal Meteorological Society},
publisher  = {Royal Meteorological Society},
year          = {1998},
volume    = {550},
pages     = {1783},
}

@ARTICLE{cressman59,
author    = {Cressman, G.},
title         = {An Operation Objective Analysis System},
journal   = {Monthly Weather Review},
publisher  = {American Meteorological Society},
year          = {1959},
volume    = {87},
pages     = {367-374},
}

@ARTICLE{dasilvaetal95,
author    = {Da Silva, A. and Guo, J.},
title         = {Documentation of The Physical-space Statistical Analysis System (PSAS): Part I: The Conjugate Gradient Solver. Version PSAS-1.0},
journal   = {},
publisher  = {DAO Office, Data Assimilation Office, Godar Space Flight Center, Greenbelt, MD 20771},
year          = {1995},
volume    = {DAO Office Note 1996-02},
pages     = {69},
}

@MastersThesis{demattos06,
author    = {De Mattos, J. G. Z.},
title         = {Sensibilidade do uso de ``Pseudo-Temps'' na Assimilacao de Dados do Modelo de Circulacao Geral Atmosferico do CPTEC/COLA},
school     = {Instituto Nacional de Pesquisas Espaciais},
address    = {S{\~a}o Jos{\'e} dos Campos},
year          = {2006},
pages     = {132},
}

@ARTICLE{evensen94,
author 	  = {Evensen, G.},
title		  = {Sequential Data Assimilation with a Nonlinear Quasi-Geostrophic Model using Monte Carlo Methods to Forecast Error Statistics},
journal	  = {Journal of Geopgysical Research},
publisher  = {Royal Meteorological Society},
year 		  = {1994},
volume 	  = {99},
pages 	  = {143-162},
}

@ARTICLE{evensen03,
author 	  = {Evensen, G.},
title		  = {The Ensemble Kalman Filter: Theoretical Formulation and Practical Implementation},
journal	  = {Ocean Dynamics},
publisher  = {Springer-Verlag},
year 		  = {2003},
volume 	  = {53},
pages 	  = {343-367},
}

@ARTICLE{falkovichetal00,
author 	  = {Falkovich, A. and Kalnay, E. and Lord, E. and Mathur, M. B.},
title		  = {A New Method of Observed Rainfall Assimilation in Forecast Models},
journal	  = {Journal of Applied Meteorology},
publisher  = {Royal Meteorological Society},
year 		  = {2000},
volume 	  = {39(8)},
pages 	  = {1282-1298},
}

@ARTICLE{felsschwarzkopf75,
author 	  = {Fels, S. B. and Schwarzkopf, M. D.},
title		  = {The Simplified Exchange Approximation: A New Method for Radiative Transfer Calculations},
journal	  = {Journal of The Atmospheric Sciences},
publisher  = {Royal Meteorological Society},
year 		  = {1975},
volume 	  = {32},
pages 	  = {1475-1488},
}

@MISC{fernandez08,
author 	  = {Fernandez, J. P. R.},
title		  = {Assimila\c{c}\~{a}o de Precipita\c{c}\~{a}o no Modelo Regional Eta},
note   	  = {Comunica\c{c}\~{a}o Pessoal},
publisher  = {Centro de Previsão de Tempo e Estudos Climáticos},
year 		  = {2008},
volume 	  = {},
pages 	  = {},
}

@MISC{fernandez10,
author    = {Fernandez, J. P. R.},
title         = {Esquema de Assimilação de Dados Eta+RPSAS},
note      = {Comunica\c{c}\~{a}o Pessoal},
publisher  = {Centro de Previsão de Tempo e Estudos Climáticos},
year          = {2010},
volume    = {},
pages     = {},
}

@ARTICLE{ferreiraetal03,
author 	  = {Ferreira, R. N. and Rickenbach, T. M. and Herdies, D. L. and Carvalho, L. M. V.},
title		  = {Variability of South American Convective Cloud Systems and Tropospheric Circulation during January-February 1998 and 1999},
journal	  = {Monthly Weather Review},
publisher  = {American Meteorological Society},
year 		  = {2003},
volume 	  = {131},
pages 	  = {961-973},
}

@ARTICLE{ferrieretal02,
author 	  = {Ferrier, B. S. and Lin, Y. and Black, T. and Rogers, E. and Dimego, G.},
title		  = {Implementation of a New Grid-Scale Cloud and Precipitation Scheme in the NCEP Eta Model},
journal	  = {Preprints: 15th Conference on Numerical Weather Prediction},
publisher  = {American Meteorological Society},
year 		  = {2002},
volume 	  = {},
pages 	  = {280-283},
}

@ARTICLE{grimmetal04,
author 	  = {Grimm, A. M. and Vera, C. S. and Mechoso, C. R.},
title		  = {The South American Monsoon System. In: International Workshop on Monsoons},
journal	  = {Proceedings Hangzhou},
publisher  = {World Meteorological Organization},
year 		  = {2004},
volume 	  = {},
pages 	  = {111-129},
}

@ARTICLE{guoetal99,
author 	  = {Guo, J. and Larson, J. W. and Gaspari, G. and Da Silva, A. and Lyster, P. M.},
title		  = {Documentation of the Physical-Space Statistical Analysis System (PSAS) Part II: The Factored-Operator Formulation of Error Covariances. In: PSAS Software Workshop},
journal	  = {},
publisher  = {DAO Office, Data Assimilation Office, GOcean Dynamicsdard Space Flight Center, Greenbelt, MD 20771},
year 		  = {1999},
volume 	  = {DAO Office Note 1998-04},
pages 	  = {},
}

@MastersThesis{harter99,
author 	  = {H\"{a}rter, F. P.},
title		  = {Uso de Filtro Digital para Iniciar um Modelo de Área Limitada},
school     = {Instituto Nacional de Pesquisas Espaciais},
address    = {S{\~a}o Jos{\'e} dos Campos},
year 		  = {1999},
pages 	  = {111},
}

@ARTICLE{hastenrathheller77,
author 	  = {Hastenrath, S. and Heller, L.},
title		  = {Dynamics of Climatic Hazards in Northeast Brazil},
journal	  = {Quarterly Journal of the Royal Meteorological Society},
publisher  = {Royal Meteorological Society},
year 		  = {1977},
volume 	  = {103},
pages 	  = {77-92},
}

@ARTICLE{herdiesetal06,
author    = {Herdies, D. L. and Aravéquia, L. A. and Sapucci, L. F. and Andreoli, R. V.},
title         = {Comparação entre diversos Sitemas de Assimilação de Dados durante o SALLJEX},
journal   = {Congresso Brasileiro de Meteorologia},
publisher  = {Sociedade Brasileira de Metrologia},
year          = {2006},
volume    = {},
pages     = {},
}

@ARTICLE{herdiesetal07,
author 	  = {Herdies, D. L. and Kousky, V. and Ebisuzaki, W.},
title		  = {The Impact of High-Resolution SALLJEX Data on a Global NCEP Analysis},
journal	  = {Journal of Climate},
publisher  = {American Meteorological Society},
year 		  = {2007},
volume 	  = {20},
pages 	  = {5765-5783},
}

@ARTICLE{heckleyetal90,
author 	  = {Heckley, W. A. and Kelly, G. and Tiedtke, M.},
title		  = {On the Use of Satellite-Derived Heating Rates for Data Assimilation within the Tropics},
journal	  = {Monthly Weather Review},
publisher  = {American Meteorological Society},
year 		  = {1990},
volume 	  = {118},
pages 	  = {1743-1757},
}

@ARTICLE{huffmanetal97,
author    = {Huffman, G. J. and Adler, R. F. and Arkin, P. and Chang, A. and Ferraro, R. and Gruber, A. and Janowiak,  J. and McNab,  A. and Rudolf, B. and Schneider, U.},
title         = {The Global Precipitation Climatology Project (GPCP) Combined Precipitation Data Set},
journal   = {Bulletin of the American Meteorological Society},
publisher  = {American Meteorological Society},
year          = {1997},
volume    = {78(1)},
pages     = {05-20},
}

@ARTICLE{huffmanetal07,
author    = {Huffman, G.J. and Adler, R. F. and Bolvin, D. T. and Gu, G. and Nelkin, E. J. and Bowman, K. P. and Hong, Y. and Stocker, E. F. and Wolff, D. B.},
title         = {The TRMM Multi-satellite Precipitation Analysis: Quasi-Global, Multi-Year, Combined-Sensor Precipitation Estimates at Fine Scale},
journal   = {Journal of Hydrometeorology},
publisher  = {},
year          = {2007},
volume    = {8},
pages     = {38-55},
}

@ARTICLE{janjic94,
author 	  = {Janji\'{c}, Z. I.},
title		  = {The Step-Montain Eta Cordinate Model: Further Developments on the Convection, Viscous Sublayer and Turbulence Closure Schemes},
journal	  = {Monthly Weather Review},
publisher  = {American Meteorological Society},
year 		  = {1994},
volume 	  = {122},
pages 	  = {927-945},
}

@ARTICLE{kalnayetal96,
author    = {Kalnay, E. and Kanamitsu, M. and Kistler, R. and Collins, W. and Deaven, D. and Gandin, L. Iredell, M. and Saha, S. and White, G. and Woollen, J. and Zhu, Y. and Chelliah, M. and Ebisuzaki, W. and Higgins, W. and Janowiak, J. and Mo, K.C. and Ropelewski, C. and Wang, J. and Leetmaa, A. and Reynolds, R. and Jenne, R. and Joseph, D.},
title         = {The NCEP/NCAR 40-year reanalysis project},
journal   = {Bulletin of the American Meteorological Society},
publisher  = {American Meteorological Society},
year          = {1996},
volume    = {77},
pages     = {437-471},
}

@BOOK{kalnay03,
author 	  = {Kalnay, E.},
title		  = {Atmospheric mOcean Dynamicseling, data assimilation and predictability},
publisher  = {Cambridge University Press},
year 		  = {2003},
note  	  = {341 p},
address    = {New Yourk}
}

@ARTICLE{kanamitsuetal02,
author    = {Kanamitsu, M. and Ebisuzaki, W. and Woollen, J. and Yang, S-K. and Hnilo, J. J. and Fiorino, M. and Potter, G. L.},
title         = {NCEP-DOE AMIP-II Reanalysis (R-2)},
journal   = {Bulletin of the American Meteorological Society},
publisher  = {American Meteorological Society},
year          = {2002},
volume    = {83},
pages     = {1631-1643},
}

@ARTICLE{kasahara90,
author 	  = {Kasahara, A.},
title		  = {Research on Diabatic Initialization},
journal	  = {Global Scale Atmospheric Processes Research Program Review},
publisher  = {NASA, Marshall Space Flight Center},
year 		  = {1990},
volume 	  = {122},
pages 	  = {13-17},
}

@ARTICLE{kasaharaetal94,
author 	  = {Kasahara, A. and Mizzi, A. P. and Donner, L. J.},
title		  = {Diabatic initialization for improvement in the tropical analysis of divergence and moisture using satellite radiometric imagery data},
journal	  = {Tellus A},
publisher  = {},
year 		  = {1994},
volume 	  = {46(3)},
pages 	  = {242–264},
}

@ARTICLE{kodama92,
author 	  = {Kodama, Y.},
title		  = {Large-Scale Common Features of Subtropical Precipitation Zones (the Baiu Frontal Zone, the SPCZ, and the SACZ) Part I: Characteristics of Subtropical Frontal Zones},
journal	  = {Journal of the Meteorological Society of Japan},
publisher  = {Meteorological Society of Japan},
year 		  = {1992},
volume 	  = {70},
pages 	  = {813-835},
}

@ARTICLE{krishnamurtietal91,
author 	  = {Krishnamurti, T. N. and Xue, J. and Bedi, H. S. and Ingles, K. and Oosterhof, D.},
title		  = {Physical Initialization for Numerical Weather Prediction over the Tropics},
journal	  = {Tellus A},
publisher  = {},
year 		  = {1991},
volume 	  = {43(B)},
pages 	  = {53–81},
}

@ARTICLE{lacishansen74,
author 	  = {Lacis, A. A. and Hansen, J. E.},
title		  = {A Parametrization of the Absorption of Solar Radiation in the Earth's Atmosphere},
journal	  = {Journal of The Atmospheric Sciences},
publisher  = {American Meteorological Society},
year 		  = {1974},
volume 	  = {31},
pages 	  = {118-133},
}

@ARTICLE{larsonetal98,
author 	  = {Larson, J. J. and Guo, J. and Gaspari, G. and Da Silva, A. and Lyster, P. M.},
title		  = {Documentation of the Physical-space Statistical Analysis System (PSAS) Part III: The Software Implementation},
journal	  = {DAO Office Notes},
publisher  = {Data Assimilation Office},
year 		  = {1998},
volume 	  = {Note 98-05},
pages 	  = {},
url        = {http://dao.gsfc.nasa.gov/subpages/office-notes.htm}
}

@ARTICLE{linetal01,
author    = {Lin, Y. and Mitchell, K. E. and Rogers, E. and DiMego, G. J.},
title         = {Using Hourly and Daily Precipitation Analysis to Improve Model Water Budget},
journal   = {CONFEX},
publisher  = {American Meteorological Society},
year          = {2001},
volume    = {},
pages     = {},
}

@ARTICLE{lynchhuang93,
author 	  = {Lynch, P. and Huang, X. Y.},
title		  = {Diabatic Initialization Using Recursive Filters},
journal	  = {},
publisher  = {Tellus A},
year 		  = {1993},
volume 	  = {46(A)},
pages 	  = {583-597},
}

@ARTICLE{maddox80,
author 	  = {Maddox, R. A.},
title		  = {Mesoscale Convective Complexes},
journal	  = {Bulletin of the American Meteorological Society},
publisher  = {American Meteorological Society},
year 		  = {1980},
volume 	  = {61},
pages 	  = {1374-1387},
}

@ARTICLE{marengoetal04,
author 	  = {Marengo, J. A. and Soares, W. and Saulo, C. and Nicolini, M.},
title		  = {Climatology of the Low-Lev-Jet East of the Andes as Derived from the NCEP-NCAR Reanalyses: Characteristics and Temporal Variability},
journal	  = {Journal of Climate},
publisher  = {American Meteorological Society},
year 		  = {2004},
volume 	  = {17},
pages 	  = {2261-2280},
}

@ARTICLE{mathur95,
author 	  = {Mathur, M. B.},
title		  = {Amelioration of Convective and Nonconvective Condensation with the Assimilation of Rainfall for Improving Initial Conditions},
journal	  = {Monthly Weather Review},
publisher  = {American Meteorological Society},
year 		  = {1995},
volume 	  = {123},
pages 	  = {1851-1861},
}

@ARTICLE{melloryamada74,
author 	  = {Mellor, G. L. and Yamada, T.},
title		  = {A Hierarchy of Turulence closure mOcean Dynamicsels for planetary boundary layers. Journal of Atmospheric  Sciences},
journal	  = {Journal of The Atmospheric Sciences},
publisher  = {American Meteorological Society},
year 		  = {1974},
volume 	  = {31},
pages 	  = {1791-1806},
}

@ARTICLE{menezessilvadias04,
author 	  = {Menezes, W. F. and Silva Dias, M. A. F.},
title		  = {Aspectos Termo-Din\^{a}micos de Sistemas de Baixas Press\~{o}es Profundas Associadas a Tempestades: Uma Compara\c{c}\~{a}o Entre os Casos ``Ribeir\~{a}o Preto'' e ``Catarina''},
journal	  = {XIII Congresso Brasileiro de Meteorologia},
publisher  = {Sociedade Brasileira de Meteorologia},
year 		  = {2004},
volume 	  = {},
pages 	  = {},
}

@ARTICLE{mesingeretal88,
author 	  = {Mesinger, F. and Janji\'{c}, Z. I. and Nickovic, S. and Gavrilov, D. and Deaven, D. G.},
title		  = {The Step-Mountain Coordinate: Model Description and Performance for Cases of Alpine Lee Cyclogenesis and for a Case of Appalachian Redevelopment},
journal	  = {Monthly Weather Review},
publisher  = {American Meteorological Society},
year 		  = {1988},
volume 	  = {116},
pages 	  = {1493-1518},
}

@ARTICLE{mesingeretal05,
author 	  = {Mesinger, F. },
title		  = {North American Regional Reanalysis},
journal	  = {Bulletin of the American Meteorological Society},
publisher  = {American Meteorological Society},
year 		  = {2005},
volume 	  = {},
pages 	  = {42},
}

@ARTICLE{mitchelletal01,
author    = {Mitchell, K.E. and Mike, E. and Lohmann, D. and Chen, F. and Gayno, G. and Moore, B. and Pan, H-L. and Schaake, J. and Koren, V. and Duan, Q. and Lin, Y. and Grunmann, P. and Tarpley, D. and Meyers, T. and Marshall, C. and Mahrt, L. and Kim, J. and Rusher, P.},
title         = {The Community NOAH Land Surface Model (LSM) – User’s Guide (v2.2)},
journal   = {},
publisher  = {},
year          = {2001},
volume    = {},
pages     = {},
}

@ARTICLE{morel80,
author 	  = {Morel, P.},
title		  = {An Overview of Meteorological Data Assimilation},
journal	  = {Proceedings of a Seminar on Data Assimilation Methods},
publisher  = {Weather and Forecasting},
year 		  = {1980},
volume 	  = {},
pages 	  = {15-19},
}

@ARTICLE{noguespaegleberbery00,
author    = {Nogu\'{e}s-Paegle, J. and Berbery, E. H.},
title         = {Low-Level Jets over Americas},
journal   = {Clivar Exchanges},
publisher  = {World Climate Change Programme},
year          = {2000},
volume    = {5},
pages     = {6-8},
}

@ARTICLE{paegleetal04,
author    = {Paegle, J. and Berbery, E. H. and Garreaud, R. and Ambrizzi, T. and  Porfirio da Rocha, R. and Silva Dias, P. L. and Herdies, D. and Marengo, J. A. and Seluchi, M. and CampeTellus A, C. and Menendez, C. and Nicolini, M. and Ruiz, J. and Saulo C.},
title         = {MOcean Dynamicseling Studies Related to SALLJEX},
journal   = {Clivar Exchanges},
publisher  = {World Climate Change Programme},
year          = {2004},
volume    = {9},
pages     = {20-22},
}

@ARTICLE{paegleberbery00,
author 	  = {Nogu\'{e}s-Paegle, J. and Berbery, E. H.},
title		  = {Low-Level Jets over Americas},
journal	  = {Clivar Exchanges},
publisher  = {World Climate Change Programme},
year 		  = {2000},
volume 	  = {5},
pages 	  = {6-8},
}

@BOOK{pintoetal76,
author 	  = {Pinto, N. L. S. and Holtz, A. C. T. and Martins, J. A. and Gomide, F. L. S.},
title		  = {Hidrologia Básica},
publisher  = {Edgar Blucher},
year 		  = {1976},
note  	  = {},
address    = {Brasil}
}

@ARTICLE{messingeretal06,
author    = {Mesinger, F. and DiMego, G. and Kalnay, E. and Mitchell, K. and Shafran, P. C. and Ebisuzaki, W. and Jovi\'{c}, D. and Woollen, J. and Rogers, E. and Berbery, E. H. and Ek, M. B. and Fan, Y. and Grumbine, R. and Higgins, W. and Li, H. and Lin, L. and Manikin, G. and Parrish, D. and Shi. W.},
title         = {North American Regional Reanalysis},
journal   = {Bulletin of the American Meteorological Society},
publisher  = {American Meteorological Society},
year          = {2006},
volume    = {},
pages     = {343-360},
}

@ARTICLE{noguesetal00,
author    = {Nogu\'{e}s-Paegle, J. and Berbery, H.},
title         = {Low-Level Jets over the Americas},
journal   = {Clivar Exchanges},
publisher  = {World Climate Change Programme},
year          = {2000},
volume    = {5},
pages     = {6-8},
}

@THESIS{nowosad01,
address    = {S{\~a}o Jos{\'e} dos Campos},
author 	  = {Nowosad, A. G.},
school     = {Instituto Nacional de Pesquisas Espaciais (INPE)},
title		  = {Novas Abordagens em Assimilação de Dados Meteorológicos},
year 		  = {2001},
pages 	  = {120},
type       = {Tese (Doutorado em Meteorologia)}
}

@ARTICLE{nunescocke04,
author 	  = {Nunes, A. M. B. and Cocke, S.},
title		  = {Implementing a Physical Initialization Procedure in a Regional Spectral Model: Impact on the Short-Range Rainfall Forecasting over South America},
journal	  = {Tellus A},
publisher  = {},
year 		  = {2004},
volume 	  = {56(2)},
pages 	  = {125-140},
}

@ARTICLE{nunesroads05,
author 	  = {Nunes, A. M. B. and Roads, J.},
title		  = {Improving Regional Model Simulations with Precipitation Assimilation},
journal	  = {Earth Interactions},
publisher  = {AGU/AMS},
year 		  = {2005},
volume 	  = {9},
pages 	  = {},
}

@MastersThesis{oliveira86,
author 	  = {Oliveira, A. S.},
title		  = {Interações entre Sistemas Frontais na América do Sul e a Convecção da Amazônia},
school     = {Instituto Nacional de Pesquisas Espaciais},
address    = {S{\~a}o Jos{\'e} dos Campos},
year 		  = {1986},
pages 	  = {},
}

@ARTICLE{peters96,
author    = {Peters, C.},
title         = {How to Run the Eta Model},
journal   = {},
publisher  = {NOAA/NWS/NCEP},
year          = {1996},
volume    = {},
pages     = {42},
}

@ARTICLE{pyle02,
author    = {Pyle, M.},
title         = {A Guide to the Workstation Eta},
journal   = {},
publisher  = {},
year          = {2002},
volume    = {},
pages     = {20},
}

@ARTICLE{reiter69,
author 	  = {Reiter, E. R.},
title		  = {Tropopause Circulations and Jet Streams},
journal	  = {World Survey of Climatology},
publisher  = {},
year 		  = {1969},
volume 	  = {4},
pages 	  = {85-204},
}

@ARTICLE{riehl69,
author 	  = {Riehl, H.},
title		  = {Jet Streams of the Atmosphere},
journal	  = {Medical Opinion And Review},
publisher  = {},
year 		  = {1969},
volume 	  = {},
pages 	  = {33-50},
}

@ARTICLE{rogersetal96,
author    = {Rogers, E. and Black, T. L. and Deaven, D. G. and DiMego, G. J.},
title         = {Changes to the ``Early'' Eta Analysis/Forecast System at the National Centers for Environmental Prediction},
journal   = {NCEP Notes},
publisher  = {National Centers for Environmental Predictions},
year          = {1996},
volume    = {},
pages     = {391413},
}

@ARTICLE{rogersetal01,
author    = {Rogers, E. and Black, T. and Ferrier, B. and Lin, Y. and Parrish, D. and DiMego, G.},
title         = {Changes to the NCEP Meso Eta Analysis and Forecast System: Increase in Resolution, new Cloud Microphysics, Modified Precipitation Assimilation, Modified 3DVar Analysis},
journal   = {NWS Techinical Procedures Bulletin},
publisher  = {National Weather Service},
year          = {2001},
volume    = {},
pages     = {},
}

@ARTICLE{rogersetal05,
author    = {Rogers, E. and Lin, Y. and Mitchell, K. and Wu, W-S. and Ferrier, B. and Gayno, G. and Pondeca, M. and Pyle, M. and Wong, V. and Ek, M.},
title         = {The NCEP North American Mesoescale Modeling System: Final Eta Forecast/Analysis Changes and Preliminary Experiments using the WRF-NMM},
journal   = {},
publisher  = {National Centers for Environmental Predictions},
year          = {2005},
volume    = {},
pages     = {},
}

@THESIS{rozante08,
address    = {S{\~a}o Jos{\'e} dos Campos},
author 	  = {Rozante, J. R.},
school     = {Instituto Nacional de Pesquisas Espaciais (INPE)},
title		  = {Experimentos com o Modelo Regional Eta em diferentes configura\c{c}\~{o}es durante o per\'{i}odo do SALLJEX e Mecanismos de Mesoescala associados ao desenvolvimento de SCM},
year 		  = {2008},
pages 	  = {206},
type       = {Tese (Doutorado em Meteorologia)}
}

@ARTICLE{rozantecavalcanti06,
author    = {Rozante, J. R. and Cavalcanti, I. F. A.},
title         = {Eta Model Experiments during the SALLJEX period},
journal   = {},
publisher  = {8 International Conference on Southern Hemisphere Meteorology and Oceanohraphy},
year          = {2006},
volume    = {113},
pages     = {},
}

@ARTICLE{rozantecavalcanti07,
author 	  = {Rozante, J. R. and Cavalcanti, I. F. A.},
title		  = {Regional Eta Model Experiments: SALLJEX and MCS development},
journal	  = {Journal of Geophysical Research},
publisher  = {American Geophysical Union},
year 		  = {2007},
volume 	  = {113},
pages 	  = {},
}

@MISC{sapucci09,
author    = {Sapucci, L. F.},
title         = {Comunica\c{c}\~{a}o Pessoal.},
journal   = {},
note      = {Comunica\c{c}\~{a}o Pessoal},
publisher  = {Centro de Previsão de Tempo e Estudos Climáticos},
year          = {2009},
volume    = {},
pages     = {},
}

@ARTICLE{satyamurtyetal98,
author 	  = {Satyamurty, P. and Nobre, C. A. and Silva Dias, P. L.},
title		  = {South America},
journal	  = {Meteorology of the Southern Hemisphere},
publisher  = {Meteorological Monographs},
year 		  = {1998},
volume 	  = {27},
pages 	  = {119-140},
}

@ARTICLE{silvadias87,
author 	  = {Silva Dias, M. A. F.},
title		  = {Sistemas de Mesoescala e Previs\~{a}o de Tempo a Curto Prazo},
journal	  = {Revista Brasileira de Meteorologia},
publisher  = {Sociedade Brasileira de Meteorologia},
year 		  = {1987},
volume 	  = {2},
pages 	  = {133-150},
}

@ARTICLE{silvadias96,
author 	  = {Silva Dias, M. A. F.},
title		  = {Complexos Convectivos de Mesoescala sobre a Região Sul do Brasil},
journal	  = {Revista Climanálise},
publisher  = {Centro de Previsão de Tempo e Estudos Climáticos},
year 		  = {1996},
volume 	  = {},
pages 	  = {},
}

@ARTICLE{silvadiasetal03,
author    = {Silva Dias, M.A.F. and Fisch, G. and Fattori, A. P. and Silva Dias, P. L. and Machado, L. A. T. and Morales, C. R. and Manzi, A. and Yamasoe, M. and Marengo, J. and Ambrizzi, T. and Andrea, M. O. and Artaxo, P. and Freitas, S. and Longo, K. M. and Costa, A. A. and Betts, A. K. and Williams, E.},
title         = {Radiation, Cloud, And Climate Interactions In SW Amazon during the DRY-TO-WET Transition Season/LBA},
journal   = {Journal of Geophysical Research},
publisher  = {American Geophysical Union},
year          = {2003},
volume    = {5},
pages     = {13683-13683},
}

@ARTICLE{simpsonetal88,
author 	  = {Simpson, J. and Adler, R. F. and North, G. R.},
title		  = {A proposed Tropical Rainfall Measuring Mission (TRMM) Satellite},
journal	  = {Bulletin of the American Meteorological Society},
publisher  = {American Meteorological Society},
year 		  = {1988},
volume 	  = {63(3)},
pages 	  = {278-295},
}

@ARTICLE{simpsonetal96,
author 	  = {Simpson, J. and Kummerow, C. and Tao, W. K. and Adler, R. F.},
title		  = {On the Tropical Rainfall Measuring Mission (TRMM)},
journal	  = {Meteorological and Atmospheric Physics},
publisher  = {American Meteorological Society},
year 		  = {1996},
volume 	  = {60},
pages 	  = {19-36},
}

@ARTICLE{skabarnicolini09,
author    = {Skabar, Y. G. and Nicolini, M.},
title         = {Enrished Analysis with Assimilation of SALLJEX Data},
journal   = {Journal of Applied Meteorology},
publisher  = {American Meteorological Society},
year          = {2009},
volume    = {48},
pages     = {2425-2440},
}

@ARTICLE{soaresmarengo04,
author    = {Soares, W. and Marengo, J. A.},
title         = {Análise de um Episódio de Jato de Baixos Níveis a Leste dos Andes durante Janeiro de 2003. Circulação e Transporte de Umidade},
journal   = {},
publisher  = {},
year          = {2004},
volume    = {},
pages     = {},
}

@ARTICLE{talagrand97,
author 	  = {Talagrand, O.},
title		  = {Assimilation of Observation: An Introduction},
journal	  = {Journal of the Meteorological Society of Japan},
note       = {Special Issue},
publisher  = {Meteorological Society of Japan},
year 		  = {1997},
volume 	  = {75(1B)},
pages 	  = {191-209},
}

@ARTICLE{treadon96,
author 	  = {Treadon, R. E.},
title		  = {Physical Initialization in the NMC Global Data Assimilation System},
journal	  = {Meteorological and Atmospherics Physics},
publisher  = {},
year 		  = {1996},
volume 	  = {},
pages 	  = {57-86},
}

@ARTICLE{upalaetal05,
author    = {Uppala,S. M. and Kallberg, P. W. and Simmons, A. J. and Andrae, U. and Da Costa Bechtold, V. and Fiorino, M. and Gibson, J. K. and Haseler, J. and Hernandez, A. and Kelly, G. A. and Li, X. and Onogi, K. and Saarinen, Sokka, N. and Allan, R. P. and Andersson, E. and Arpe, K. and Balmaseda, M. A. and Beljaars, A. C. M. and Van de Berg, L. and Bidlot, J. and Bormann, N. and Caires, S. and Chevallier, Dethof, A. and Dragosavac, M. and Fisher, M. and Fuentes, M. V. and Hagemann, S. and Hólm, E. and Hoskins, B. J. and Isaksen, L. and Janssen, P. A. E. M. and Jenne, R. and Mcnally, A. P. and Mahfouf, J. F. and Morcrette, J. J. and Rayner, N. A. and Saunders, R. W. and Simon, P. and Sterl, A. and Trenberth, K. E. and Untch, A. and Vasiljevic, D. and Viterbo, P. A. and Woollen, J.},
title         = {The ERA-40 reanalysis},
journal   = {Quarterly Journal of the Royal Meteorological Society},
publisher  = {Royal Meteorological Society},
year          = {2005},
volume    = {131},
pages     = {2961-3012},
}

@ARTICLE{uvonobre89a,
author 	  = {Uvo, C. R. B. and Nobre, C. A.},
title		  = {A Zona de Convergência Intertropical (ZCIT) e a precipitação no norte do nordeste do Brasil. Parte I: a posição da ZCIT no Atlântico Equatorial},
journal	  = {Revista Climanálise},
publisher  = {Centro de Previsão de Tempo e Estudos Climáticos},
year 		  = {1989},
volume 	  = {4},
pages 	  = {34-40},
}

@ARTICLE{uvonobre89b,
author 	  = {Uvo, C. R. B. and Nobre, C. A.},
title		  = {A Zona de Convergência Intertropical (ZCIT) e a Precipitação no Norte do Nordeste do Brasil. Parte II: A Influência dos Ventos e TSM do Atlântico Tropical},
journal	  = {Revista Climanálise},
publisher  = {Centro de Previsão de Tempo e Estudos Climáticos},
year 		  = {1989},
volume 	  = {4},
pages 	  = {34-40},
}

@ARTICLE{velascofritsch87,
author 	  = {Velasco, I. and Fritsch, M.},
title		  = {Mesescale Convective Complexes in the Americas},
journal	  = {Journal of Geophysical Research},
publisher  = {American Geophysical Union},
year 		  = {1987},
volume 	  = {92},
pages 	  = {9591-9613},
}

@ARTICLE{vera06,
author 	  = {Vera, C.},
title		  = {The South American Low-level Jet EXperiment},
journal	  = {Bulletin of the American Meteorological Society},
publisher  = {American Meteorological Society},
year 		  = {2006},
volume 	  = {87},
pages 	  = {63-77},
}

@ARTICLE{wangetal00,
author 	  = {Wang, B. and Zou, X. and Zhu, J.},
title		  = {Data Assimilation and Its Applications},
journal	  = {Proceedings of The National Academy of Sciences of The United States of America (PNAS)},
publisher  = {The National Academy of Sciences of The United States of America},
year 		  = {2000},
volume 	  = {97},
pages 	  = {11143-11144},
}

@ARTICLE{wcrp86,
author    = {WCRP},
title         = {Report of the Workshop on Global Large Scale Precipitation Data Sets for the World Climate Research Programme},
journal   = {},
publisher  = {},
year          = {1986},
volume    = {94},
pages     = {45},
}

@BOOK{wilks95,
author 	  = {Wilks, D. S.},
title		  = {Statistical Methids in the Atmospheric Sciences: an Introduction},
publisher  = {Academic Press},
year 		  = {1995},
note  	  = {465 p},
address    = {San Diego}
}

@ARTICLE{zipseretal04,
author 	  = {Zipser, E. J. and Salio, P. and Nicolini, M.},
title		  = {Mesoescale Convective Systems Activity during SALLJEX and the Relationship with SALLJ},
journal	  = {CLIVAR Exchanges},
publisher  = {World Climate Change Programme},
year 		  = {2004},
volume 	  = {9},
pages 	  = {14-19},
}

@ARTICLE{zupanskimesinger95,
author 	  = {Zupanski, D. and Mesinger, F.},
title		  = {Four-Dimensional Variational Assimilation of Precipitation Data},
journal	  = {Monthly Weather Review},
publisher  = {American Meteorological Society},
year 		  = {1995},
volume 	  = {123(4)},
pages 	  = {1112-1127},
}
